@misc{jeff_reback_pandas-devpandas_2021,
    title = {pandas-dev/pandas: {Pandas} 1.2.4},
    shorttitle = {pandas-dev/pandas},
    url = {https://zenodo.org/record/4681666},
    abstract = {This is a patch release in the 1.2.x series and includes some regression fixes. We recommend that all users upgrade to this version. See the full whatsnew for a list of all the changes. The release will be available on the defaults and conda-forge channels: conda install pandas Or via PyPI: python3 -m pip install --upgrade pandas Please report any issues with the release on the pandas issue tracker.},
    urldate = {2021-05-11},
    publisher = {Zenodo},
    author = {Jeff Reback and Wes McKinney and jbrockmendel and Joris Van den Bossche and Tom Augspurger and Phillip Cloud and Simon Hawkins and gfyoung and Sinhrks and Matthew Roeschke and Adam Klein and Terji Petersen and Jeff Tratner and Chang She and William Ayd and Shahar Naveh and patrick and Marc Garcia and Jeremy Schendel and Andy Hayden and Daniel Saxton and Vytautas Jancauskas and Marco Gorelli and Richard Shadrach and Ali McMaster and Pietro Battiston and Skipper Seabold and Kaiqi Dong and chris-b1 and h-vetinari},
    month = apr,
    year = {2021},
    doi = {10.5281/zenodo.4681666},
}